@article{RN82,
   author = {Abid, Ihsen and Goaied, Mohamed},
   title = {A meta-frontier assessment of bank efficiency in Middle East and North Africa countries},
   journal = {International Journal of Productivity and Performance Management},
   ISSN = {1741-0401},
   year = {2017},
   type = {Journal Article}
}

@article{RN5,
   author = {Antonelli, Cristiano and Krafft, Jackie and Quatraro, Francesco},
   title = {Recombinant knowledge and growth: The case of ICTs},
   journal = {Structural Change and Economic Dynamics},
   volume = {21},
   number = {1},
   pages = {50-69},
   ISSN = {0954-349X},
   year = {2010},
   type = {Journal Article}
}

@article{RN6,
   author = {Arthur, W Brian},
   title = {Competing technologies, increasing returns, and lock-in by historical events},
   journal = {The economic journal},
   volume = {99},
   number = {394},
   pages = {116-131},
   ISSN = {0013-0133},
   year = {1989},
   type = {Journal Article}
}

@article{RN7,
   author = {Ávila-Robinson, Alfonso and Miyazaki, Kumiko},
   title = {Dynamics of scientific knowledge bases as proxies for discerning technological emergence—The case of MEMS/NEMS technologies},
   journal = {Technological Forecasting and Social Change},
   volume = {80},
   number = {6},
   pages = {1071-1084},
   ISSN = {0040-1625},
   year = {2013},
   type = {Journal Article}
}

@article{RN8,
   author = {Basu, Susanto and Fernald, John},
   title = {Information and communications technology as a general-purpose technology: Evidence from US industry data},
   journal = {German Economic Review},
   volume = {8},
   number = {2},
   pages = {146-173},
   ISSN = {1468-0475},
   year = {2007},
   type = {Journal Article}
}

@article{RN9,
   author = {Breschi, Stefano and Lissoni, Francesco and Malerba, Franco},
   title = {Knowledge-relatedness in firm technological diversification},
   journal = {Research policy},
   volume = {32},
   number = {1},
   pages = {69-87},
   ISSN = {0048-7333},
   year = {2003},
   type = {Journal Article}
}

@book{RN10,
   author = {Burt, Ronald S},
   title = {Structural holes},
   publisher = {Harvard university press},
   ISBN = {0674029097},
   year = {1992},
   type = {Book}
}

@article{RN11,
   author = {Caviggioli, Federico},
   title = {Technology fusion: Identification and analysis of the drivers of technology convergence using patent data},
   journal = {Technovation},
   volume = {55},
   pages = {22-32},
   ISSN = {0166-4972},
   year = {2016},
   type = {Journal Article}
}

@article{RN12,
   author = {Choi, Changwoo and Kim, Seungkyum and Park, Yongtae},
   title = {A patent-based cross impact analysis for quantitative estimation of technological impact: The case of information and communication technology},
   journal = {Technological Forecasting and Social Change},
   volume = {74},
   number = {8},
   pages = {1296-1314},
   ISSN = {0040-1625},
   year = {2007},
   type = {Journal Article}
}

@article{RN13,
   author = {Choi, Jinho and Hwang, Yong-Sik},
   title = {Patent keyword network analysis for improving technology development efficiency},
   journal = {Technological Forecasting and Social Change},
   volume = {83},
   pages = {170-182},
   ISSN = {0040-1625},
   year = {2014},
   type = {Journal Article}
}

@article{RN14,
   author = {Choudrie, Jyoti and Papazafeiropoulou, Anastasia and Lee, Heejin},
   title = {A web of stakeholders and strategies: a case of broadband diffusion in South Korea},
   journal = {Journal of Information Technology},
   volume = {18},
   number = {4},
   pages = {281-290},
   ISSN = {0268-3962},
   year = {2003},
   type = {Journal Article}
}

@article{RN15,
   author = {Clauset, Aaron and Shalizi, Cosma Rohilla and Newman, Mark EJ},
   title = {Power-law distributions in empirical data},
   journal = {SIAM review},
   volume = {51},
   number = {4},
   pages = {661-703},
   ISSN = {0036-1445},
   year = {2009},
   type = {Journal Article}
}

@article{RN16,
   author = {Corrocher, Nicoletta and Malerba, Franco and Montobbio, Fabio},
   title = {Schumpeterian patterns of innovative activity in the ICT field},
   journal = {Research policy},
   volume = {36},
   number = {3},
   pages = {418-432},
   ISSN = {0048-7333},
   year = {2007},
   type = {Journal Article}
}

@article{RN17,
   author = {Curran, Clive-Steven and Leker, Jens},
   title = {Patent indicators for monitoring convergence–examples from NFF and ICT},
   journal = {Technological Forecasting and Social Change},
   volume = {78},
   number = {2},
   pages = {256-273},
   ISSN = {0040-1625},
   year = {2011},
   type = {Journal Article}
}

@article{RN19,
   author = {David, Paul A},
   title = {Clio and the Economics of QWERTY},
   journal = {The American economic review},
   volume = {75},
   number = {2},
   pages = {332-337},
   ISSN = {0002-8282},
   year = {1985},
   type = {Journal Article}
}

@article{RN18,
   author = {de Solla Price, D},
   title = {On mapping the subject categories of physics abstracts},
   journal = {New Haven: Yale University},
   year = {1989},
   type = {Journal Article}
}

@article{RN20,
   author = {Dosi, Giovanni and Ermoliev, Yuri and Kaniovski, Yuri},
   title = {Generalized urn schemes and technological dynamics},
   journal = {Journal of Mathematical Economics},
   volume = {23},
   number = {1},
   pages = {1-19},
   ISSN = {0304-4068},
   year = {1994},
   type = {Journal Article}
}

@article{RN21,
   author = {Eagle, Nathan and Macy, Michael and Claxton, Rob},
   title = {Network diversity and economic development},
   journal = {Science},
   volume = {328},
   number = {5981},
   pages = {1029-1031},
   ISSN = {0036-8075},
   year = {2010},
   type = {Journal Article}
}

@article{RN22,
   author = {Everett, Martin G and Borgatti, Stephen P},
   title = {Categorical attribute based centrality: E–I and G–F centrality},
   journal = {Social Networks},
   volume = {34},
   number = {4},
   pages = {562-569},
   ISSN = {0378-8733},
   year = {2012},
   type = {Journal Article}
}

@article{RN23,
   author = {Fan, Joseph PH and Lang, Larry HP},
   title = {The measurement of relatedness: An application to corporate diversification},
   journal = {The Journal of Business},
   volume = {73},
   number = {4},
   pages = {629-660},
   ISSN = {0021-9398},
   year = {2000},
   type = {Journal Article}
}

@article{RN52,
   author = {Fleming, Lee},
   title = {Recombinant uncertainty in technological search},
   journal = {Management science},
   volume = {47},
   number = {1},
   pages = {117-132},
   ISSN = {0025-1909},
   year = {2001},
   type = {Journal Article}
}

@article{RN24,
   author = {Gambardella, Alfonso and Torrisi, Salvatore},
   title = {Does technological convergence imply convergence in markets? Evidence from the electronics industry},
   journal = {Research policy},
   volume = {27},
   number = {5},
   pages = {445-463},
   ISSN = {0048-7333},
   year = {1998},
   type = {Journal Article}
}

@article{RN25,
   author = {García-Muñiz, Ana Salomé and Vicente, María Rosalía},
   title = {ICT technologies in Europe: A study of technological diffusion and economic growth under network theory},
   journal = {Telecommunications Policy},
   volume = {38},
   number = {4},
   pages = {360-370},
   ISSN = {0308-5961},
   year = {2014},
   type = {Journal Article}
}

@article{RN26,
   author = {Gemba, Kiminori and Kodama, Fumio},
   title = {Diversification dynamics of the Japanese industry},
   journal = {Research Policy},
   volume = {30},
   number = {8},
   pages = {1165-1184},
   ISSN = {0048-7333},
   year = {2001},
   type = {Journal Article}
}

@article{RN27,
   author = {Genet, Corine and Errabi, Khalid and Gauthier, Caroline},
   title = {Which model of technology transfer for nanotechnology? A comparison with biotech and microelectronics},
   journal = {Technovation},
   volume = {32},
   number = {3-4},
   pages = {205-215},
   ISSN = {0166-4972},
   year = {2012},
   type = {Journal Article}
}

@article{RN28,
   author = {Geum, Youngjung and Kim, Chulhyun and Lee, Sungjoo and Kim, Moon‐Soo},
   title = {Technological convergence of IT and BT: evidence from patent analysis},
   journal = {Etri Journal},
   volume = {34},
   number = {3},
   pages = {439-449},
   ISSN = {1225-6463},
   year = {2012},
   type = {Journal Article}
}

@article{RN89,
   author = {Gidron, Noam and Adams, James and Horne, Will},
   title = {Toward a comparative research agenda on affective polarization in mass publics},
   journal = {APSA Comparative Politics Newsletter},
   volume = {29},
   pages = {30-36},
   year = {2019},
   type = {Journal Article}
}

@article{RN29,
   author = {Girvan, Michelle and Newman, Mark EJ},
   title = {Community structure in social and biological networks},
   journal = {Proceedings of the national academy of sciences},
   volume = {99},
   number = {12},
   pages = {7821-7826},
   ISSN = {0027-8424},
   year = {2002},
   type = {Journal Article}
}

@article{RN30,
   author = {Granstrand, Ove},
   title = {Towards a theory of the technology-based firm},
   journal = {Research policy},
   volume = {27},
   number = {5},
   pages = {465-489},
   ISSN = {0048-7333},
   year = {1998},
   type = {Journal Article}
}

@article{RN31,
   author = {Hacklin, Fredrik and Marxt, Christian and Fahrni, Fritz},
   title = {Coevolutionary cycles of convergence: An extrapolation from the ICT industry},
   journal = {Technological Forecasting and Social Change},
   volume = {76},
   number = {6},
   pages = {723-736},
   ISSN = {0040-1625},
   year = {2009},
   type = {Journal Article}
}

@article{RN32,
   author = {Han, Eun Jin and Sohn, So Young},
   title = {Technological convergence in standards for information and communication technologies},
   journal = {Technological forecasting and social change},
   volume = {106},
   pages = {1-10},
   ISSN = {0040-1625},
   year = {2016},
   type = {Journal Article}
}

@article{RN34,
   author = {Han, Yoo-jin and Park, Yongtae},
   title = {Patent network analysis of inter-industrial knowledge flows: The case of Korea between traditional and emerging industries},
   journal = {World Patent Information},
   volume = {28},
   number = {3},
   pages = {235-247},
   ISSN = {0172-2190},
   year = {2006},
   type = {Journal Article}
}

@article{RN35,
   author = {Hansen, Morten T},
   title = {The search-transfer problem: The role of weak ties in sharing knowledge across organization subunits},
   journal = {Administrative science quarterly},
   volume = {44},
   number = {1},
   pages = {82-111},
   ISSN = {0001-8392},
   year = {1999},
   type = {Journal Article}
}

@article{RN36,
   author = {Hoskisson, Robert E and Hitt, Michael A and Johnson, Richard A and Moesel, Douglas D},
   title = {Construct validity of an objective (entropy) categorical measure of diversification strategy},
   journal = {Strategic management journal},
   volume = {14},
   number = {3},
   pages = {215-235},
   ISSN = {0143-2095},
   year = {1993},
   type = {Journal Article}
}

@article{RN33,
   author = {Hwang, Inyoung},
   title = {The effect of collaborative innovation on ICT-based technological convergence: A patent-based analysis},
   journal = {PloS one},
   volume = {15},
   number = {2},
   pages = {e0228616},
   ISSN = {1932-6203},
   year = {2020},
   type = {Journal Article}
}

@article{RN37,
   author = {Jacquemin, Alexis P and Berry, Charles H},
   title = {Entropy measure of diversification and corporate growth},
   journal = {The journal of industrial economics},
   pages = {359-369},
   ISSN = {0022-1821},
   year = {1979},
   type = {Journal Article}
}

@article{RN86,
   author = {Jang, Moonkyoung and Kim, Dokyung and Baek, Hyunmi},
   title = {How do global audiences of TV shows take shape?: Evidence from Netflix},
   journal = {Applied Economics Letters},
   pages = {1-7},
   ISSN = {1350-4851},
   year = {2021},
   type = {Journal Article}
}

@article{RN38,
   author = {Johnson, Daniel KN},
   title = {The OECD Technology Concordance (OTC): Patents by industry of manufacture and sector of use},
   year = {2002},
   type = {Journal Article}
}

@article{RN92,
   author = {Jones, David R},
   title = {Party polarization and legislative gridlock},
   journal = {Political Research Quarterly},
   volume = {54},
   number = {1},
   pages = {125-141},
   ISSN = {1065-9129},
   year = {2001},
   type = {Journal Article}
}

@article{RN39,
   author = {Joo, Si and Kim, Yeonbae},
   title = {Measuring relatedness between technological fields},
   journal = {Scientometrics},
   volume = {83},
   number = {2},
   pages = {435-454},
   ISSN = {0138-9130},
   year = {2010},
   type = {Journal Article}
}

@article{RN40,
   author = {Jung, Hyun-Joon and Na, Kyoung-Youn and Yoon, Chang-Ho},
   title = {The role of ICT in Korea’s economic growth: Productivity changes across industries since the 1990s},
   journal = {Telecommunications Policy},
   volume = {37},
   number = {4-5},
   pages = {292-310},
   ISSN = {0308-5961},
   year = {2013},
   type = {Journal Article}
}

@article{RN79,
   author = {Kalthaus, Martin},
   title = {Knowledge recombination along the technology life cycle},
   journal = {Journal of Evolutionary Economics},
   volume = {30},
   number = {3},
   pages = {643-704},
   ISSN = {1432-1386},
   year = {2020},
   type = {Journal Article}
}

@inproceedings{RN42,
   author = {Karvonen, M and Kässi, T},
   title = {Patent citation analysis as a tool for analysing industry convergence},
   booktitle = {2011 Proceedings of PICMET'11: Technology Management in the Energy Smart World (PICMET)},
   publisher = {IEEE},
   pages = {1-13},
   ISBN = {1890843237},
   type = {Conference Proceedings}
}

@article{RN43,
   author = {Kim, Kibae and Altmann, Jˆrn and Lee, Wool-Rim},
   title = {Patterns of innovation in SaaS networks: Trend analysis of node centralities},
   year = {2013},
   type = {Journal Article}
}

@article{RN45,
   author = {Kim, Kyunam and Choe, Chung and Lee, Daeho},
   title = {Overlapping certification and technical efficiency of ICT convergence companies in South Korea},
   journal = {Science and Public Policy},
   volume = {47},
   number = {4},
   pages = {514-524},
   ISSN = {0302-3427},
   year = {2020},
   type = {Journal Article}
}

@article{RN44,
   author = {Kim, Kibae and Jung, Sungdo and Lee, Changjun and Hwang, Junseok},
   title = {Structure of technology evolution: The way on which ICT industry emerged in Korea},
   year = {2013},
   type = {Journal Article}
}

@article{RN46,
   author = {Kim, Moon-Soo and Kim, Chulhyun},
   title = {On a patent analysis method for technological convergence},
   journal = {Procedia-Social and Behavioral Sciences},
   volume = {40},
   pages = {657-663},
   ISSN = {1877-0428},
   year = {2012},
   type = {Journal Article}
}

@article{RN48,
   author = {Ko, Namuk and Yoon, Janghyeok and Seo, Wonchul},
   title = {Analyzing interdisciplinarity of technology fusion using knowledge flows of patents},
   journal = {Expert Systems with Applications},
   volume = {41},
   number = {4},
   pages = {1955-1963},
   ISSN = {0957-4174},
   year = {2014},
   type = {Journal Article}
}

@article{RN49,
   author = {Kodama, F},
   title = {Technology fusion and the new R & D: Harvard Business Review, 70 (4), 70–78 (July/August 1992)},
   journal = {Long Range Planning},
   volume = {26},
   number = {1},
   pages = {154},
   ISSN = {0024-6301},
   year = {1993},
   type = {Journal Article}
}

@article{RN93,
   author = {Kogler, Dieter F. and Davies, Ronald B. and Lee, Changjun and Kim, Keungoui},
   title = {Regional knowledge spaces: the interplay of entry-relatedness and entry-potential for technological change and growth},
   journal = {The Journal of Technology Transfer},
   ISSN = {1573-7047},
   DOI = {10.1007/s10961-022-09924-2},
   url = {https://doi.org/10.1007/s10961-022-09924-2},
   year = {2022},
   type = {Journal Article}
}

@article{RN50,
   author = {Krackhardt, David and Stern, Robert N},
   title = {Informal networks and organizational crises: An experimental simulation},
   journal = {Social psychology quarterly},
   pages = {123-140},
   ISSN = {0190-2725},
   year = {1988},
   type = {Journal Article}
}

@article{RN90,
   author = {Kubin, Emily and von Sikorski, Christian},
   title = {The role of (social) media in political polarization: a systematic review},
   journal = {Annals of the International Communication Association},
   volume = {45},
   number = {3},
   pages = {188-206},
   ISSN = {2380-8985},
   year = {2021},
   type = {Journal Article}
}

@article{RN51,
   author = {Lee, Changjun and Kogler, Dieter Franz and Lee, Daeho},
   title = {Capturing information on technology convergence, international collaboration, and knowledge flow from patent documents: A case of information and communication technology},
   journal = {Information Processing & Management},
   volume = {56},
   number = {4},
   pages = {1576-1591},
   ISSN = {0306-4573},
   year = {2019},
   type = {Journal Article}
}

@article{RN84,
   author = {Lee, Changjun and Lee, Daeho and Hwang, Junseok},
   title = {Platform openness and the productivity of content providers: A meta-frontier analysis},
   journal = {Telecommunications Policy},
   volume = {39},
   number = {7},
   pages = {553-562},
   ISSN = {0308-5961},
   year = {2015},
   type = {Journal Article}
}

@inbook{RN77,
   author = {Lee, Changjun; Bae, Yooil},
   title = {Development of Information Communication Technology Industry and Public Policy in South Korea.},
   booktitle = {Global Encyclopedia of Public Administration, Public Policy, and Governance},
   editor = {Farazmand, A.},
   publisher = {Springer International Publishing},
   pages = {1-12},
   year = {2019},
   type = {Book Section}
}

@article{RN53,
   author = {Lee, Sungjoo and Kim, Moon-Soo and Park, Yongtae},
   title = {ICT Co-evolution and Korean ICT strategy—An analysis based on patent data},
   journal = {Telecommunications Policy},
   volume = {33},
   number = {5-6},
   pages = {253-271},
   ISSN = {0308-5961},
   year = {2009},
   type = {Journal Article}
}

@misc{RN91,
   volume = {118},
   number = {50},
   pages = {e2116950118},
   ISBN = {0027-8424},
   year = {2021},
   type = {Generic}
}

@article{RN54,
   author = {Luan, Chunjuan and Liu, Zeyuan and Wang, Xianwen},
   title = {Divergence and convergence: technology-relatedness evolution in solar energy industry},
   journal = {Scientometrics},
   volume = {97},
   number = {2},
   pages = {461-475},
   ISSN = {0138-9130},
   year = {2013},
   type = {Journal Article}
}

@article{RN55,
   author = {Makri, Marianna and Hitt, Michael A and Lane, Peter J},
   title = {Complementary technologies, knowledge relatedness, and invention outcomes in high technology mergers and acquisitions},
   journal = {Strategic management journal},
   volume = {31},
   number = {6},
   pages = {602-628},
   ISSN = {0143-2095},
   year = {2010},
   type = {Journal Article}
}

@article{RN56,
   author = {Martin, Kalthaus},
   title = {Knowledge recombination along the technology life cycle},
   journal = {Journal of Evolutionary Economics},
   volume = {30},
   number = {3},
   pages = {643-704},
   ISSN = {0936-9937},
   year = {2020},
   type = {Journal Article}
}

@techreport{RN57,
   author = {Mendonça, Sandro},
   title = {The ICT Component of Technological Diversification: Is there an underestimation of ICT capabilities among the world's largest companies?},
   institution = {SPRU-Science Policy Research Unit, University of Sussex Business School},
   year = {2002},
   type = {Report}
}

@article{RN58,
   author = {Miyazaki, Kumiko},
   title = {Search, learning and accumulation of technological competences; the case of optoelectronics},
   journal = {Industrial and Corporate Change},
   volume = {3},
   number = {3},
   pages = {631-654},
   ISSN = {1464-3650},
   year = {1994},
   type = {Journal Article}
}

@article{RN85,
   author = {Na, Cheongho and Lee, Daeho and Hwang, Junseok and Lee, Changjun},
   title = {Strategic groups emerged by selecting R&D collaboration partners and firms’ efficiency},
   journal = {Asian Journal of Technology Innovation},
   pages = {1-25},
   ISSN = {1976-1597},
   year = {2020},
   type = {Journal Article}
}

@inbook{RN1,
   author = {Nelson, Richard R and Winter, Sidney G},
   title = {In search of a useful theory of innovation},
   booktitle = {Innovation, economic change and technology policies},
   publisher = {Springer},
   pages = {215-245},
   year = {1977},
   type = {Book Section}
}

@inbook{RN87,
   author = {Nelson, Richard R and Winter, Sidney G},
   title = {In search of a useful theory of innovation},
   booktitle = {Innovation, economic change and technology policies},
   publisher = {Springer},
   pages = {215-245},
   year = {1977},
   type = {Book Section}
}

@article{RN59,
   author = {Newman, Mark EJ and Watts, Duncan J and Strogatz, Steven H},
   title = {Random graph models of social networks},
   journal = {Proceedings of the national academy of sciences},
   volume = {99},
   number = {suppl 1},
   pages = {2566-2572},
   ISSN = {0027-8424},
   year = {2002},
   type = {Journal Article}
}

@article{RN60,
   author = {No, Hyun Joung and Park, Yongtae},
   title = {Trajectory patterns of technology fusion: Trend analysis and taxonomical grouping in nanobiotechnology},
   journal = {Technological Forecasting and Social Change},
   volume = {77},
   number = {1},
   pages = {63-75},
   ISSN = {0040-1625},
   year = {2010},
   type = {Journal Article}
}

@article{RN62,
   author = {Opsahl, Tore and Agneessens, Filip and Skvoretz, John},
   title = {Node centrality in weighted networks: Generalizing degree and shortest paths},
   journal = {Social networks},
   volume = {32},
   number = {3},
   pages = {245-251},
   ISSN = {0378-8733},
   year = {2010},
   type = {Journal Article}
}

@article{RN63,
   author = {Palepu, Krishna},
   title = {Diversification strategy, profit performance and the entropy measure},
   journal = {Strategic management journal},
   volume = {6},
   number = {3},
   pages = {239-255},
   ISSN = {0143-2095},
   year = {1985},
   type = {Journal Article}
}

@article{RN64,
   author = {Quintana-García, Cristina and Benavides-Velasco, Carlos A},
   title = {Innovative competence, exploration and exploitation: The influence of technological diversification},
   journal = {Research policy},
   volume = {37},
   number = {3},
   pages = {492-507},
   ISSN = {0048-7333},
   year = {2008},
   type = {Journal Article}
}

@article{RN65,
   author = {Raghunathan, Sankaran P},
   title = {A refinement of the entropy measure of firm diversification: Toward definitional and computational accuracy},
   journal = {Journal of Management},
   volume = {21},
   number = {5},
   pages = {989-1002},
   ISSN = {0149-2063},
   year = {1995},
   type = {Journal Article}
}

@book{RN2,
   author = {Rosenberg, Nathan},
   title = {Perspectives on technology},
   publisher = {CUP Archive},
   ISBN = {0521290112},
   year = {1976},
   type = {Book}
}

@article{RN67,
   author = {Saba, Charles Shaaba and David, Oladipo Olalekan},
   title = {Convergence patterns in global ICT: Fresh insights from a club clustering algorithm},
   journal = {Telecommunications Policy},
   volume = {44},
   number = {10},
   pages = {102010},
   ISSN = {0308-5961},
   year = {2020},
   type = {Journal Article}
}

@article{RN47,
   author = {San Kim, Tae and Sohn, So Young},
   title = {Machine-learning-based deep semantic analysis approach for forecasting new technology convergence},
   journal = {Technological Forecasting and Social Change},
   volume = {157},
   pages = {120095},
   ISSN = {0040-1625},
   year = {2020},
   type = {Journal Article}
}

@article{RN76,
   author = {San Kim, Tae and Sohn, So Young},
   title = {Machine-learning-based deep semantic analysis approach for forecasting new technology convergence},
   journal = {Technological Forecasting and Social Change},
   volume = {157},
   pages = {120095},
   ISSN = {0040-1625},
   year = {2020},
   type = {Journal Article}
}

@article{RN68,
   author = {Schmoch, Ulrich},
   title = {Concept of a technology classification for country comparisons},
   journal = {Final report to the world intellectual property organisation (wipo), WIPO},
   year = {2008},
   type = {Journal Article}
}

@article{RN71,
   author = {Schumpeter, Joseph A},
   title = {The theory of economic development: An inquiry into profits, capital, credit, interest, and the business cycle (1912/1934)},
   journal = {Transaction Publishers.–1982.–January},
   volume = {1},
   pages = {244},
   year = {1982},
   type = {Journal Article}
}

@article{RN61,
   author = {Sheehan, Jerry},
   title = {OECD science, technology, and industry outlook 2004},
   journal = {Issues in Science and Technology},
   volume = {21},
   number = {3},
   pages = {79-83},
   ISSN = {0748-5492},
   year = {2005},
   type = {Journal Article}
}

@article{RN69,
   author = {Shin, Juneseuk and Park, Yongtae},
   title = {Building the national ICT frontier: The case of Korea},
   journal = {Information Economics and Policy},
   volume = {19},
   number = {2},
   pages = {249-277},
   ISSN = {0167-6245},
   year = {2007},
   type = {Journal Article}
}

@article{RN70,
   author = {Shin, Juneseuk and Park, Yongtae},
   title = {Evolutionary optimization of a technological knowledge network},
   journal = {Technovation},
   volume = {30},
   number = {11-12},
   pages = {612-626},
   ISSN = {0166-4972},
   year = {2010},
   type = {Journal Article}
}

@article{RN72,
   author = {Siegel, Sidney},
   title = {Nonparametric statistics for the behavioral sciences},
   year = {1956},
   type = {Journal Article}
}

@article{RN78,
   author = {Siegel, S and Castellan, NJ},
   title = {Nonparametric Statistics for the Behavioural Sciences, 2nd edn McGraw-Hill Book Company},
   journal = {New York},
   pages = {144-151},
   year = {1988},
   type = {Journal Article}
}

@article{RN73,
   author = {Teece, David J and Rumelt, Richard and Dosi, Giovanni and Winter, Sidney},
   title = {Understanding corporate coherence: Theory and evidence},
   journal = {Journal of economic behavior & organization},
   volume = {23},
   number = {1},
   pages = {1-30},
   ISSN = {0167-2681},
   year = {1994},
   type = {Journal Article}
}

@article{RN74,
   author = {Tsai, Wenpin},
   title = {Knowledge transfer in intraorganizational networks: Effects of network position and absorptive capacity on business unit innovation and performance},
   journal = {Academy of management journal},
   volume = {44},
   number = {5},
   pages = {996-1004},
   ISSN = {0001-4273},
   year = {2001},
   type = {Journal Article}
}

@article{RN83,
   author = {Wang, Xiaoling and Shao, Qinglong and Nathwani, Jatin and Zhou, Qian},
   title = {Measuring wellbeing performance of carbon emissions using hybrid measure and meta-frontier techniques: Empirical tests for G20 countries and implications for China},
   journal = {Journal of Cleaner Production},
   volume = {237},
   pages = {117758},
   ISSN = {0959-6526},
   year = {2019},
   type = {Journal Article}
}

@article{RN75,
   author = {Xing, Wan and Ye, Xuan and Kui, Lv},
   title = {Measuring convergence of China's ICT industry: An input–output analysis},
   journal = {Telecommunications Policy},
   volume = {35},
   number = {4},
   pages = {301-313},
   ISSN = {0308-5961},
   year = {2011},
   type = {Journal Article}
}

@article{RN81,
   author = {Yang, Anhyuk and Lee, Daeho and Hwang, Junseok and Shin, Jungwoo},
   title = {The influence of regulations on the efficiency of telecommunications operators: A meta-frontier analysis},
   journal = {Telecommunications Policy},
   volume = {37},
   number = {11},
   pages = {1071-1082},
   ISSN = {0308-5961},
   year = {2013},
   type = {Journal Article}
}

@phdthesis{RN41,
   author = {정성도},
   title = {A Study of a Patent Network with Respect to Structural Density and Diversity-Sector, Firm and Country Level Exploration},
   university = {서울대학교 대학원},
   year = {2015},
   type = {Thesis}
}




@article{fig_ott_1,
   author = {Abhijith},
   title = {OTT Full form: Meaning, How Does it Work, Popular OTT Platforms in India, Price, and More},
   journal = {mysmartprice},
   url = {https://www.mysmartprice.com/gear/ott-full-form-meaning-popular-ott-platforms/},
   date = {2022-11-16}
}

@book{andrews2017advertising,
  title={Advertising, Promotion, and Other Aspects of Integrated Marketing Communications},
  author={Andrews, J.C. and Shimp, T.A.},
  year={2017},
  publisher={Cengage Learning}
}

@article{asheim2002regional,
  title={Regional innovation systems: the integration of local 'sticky'and global 'ubiquitous' knowledge},
  author={Asheim, B.T. and Isaksen, A.},
  journal={The Journal of Technology Transfer},
  volume={27},
  pages={77--86},
  year={2002},
}

@article{boschma2015relatedness,
  title={Relatedness and technological change in cities: The rise and fall of technological knowledge in US metropolitan areas from 1981 to 2010},
  author={Boschma, R. and Balland, P.-A. and Kogler, D.F.},
  journal={Industrial and Corporate Change},
  volume={24},
  pages={223--250},
  year={2015},
}

@book{cavusgil2014international,
  title={International Business},
  author={Cavusgil, S.T. and Knight, G. and Riesenberger, J.R. and Rammal, H.G. and Rose, E.L.},
  year={2014},
  publisher={Pearson Australia}
}

@article{demont2011cultural,
  title={Cultural imperialism versus globalization of culture: Riding the structure--agency dialectic in global communication and media studies},
  author={Demont‐Heinrich, C.},
  journal={Sociology Compass},
  volume={5},
  pages={666--678},
  year={2011},
}

@book{dinnie2015nation,
  title={Nation branding: Concepts, Issues, Practice},
  author={Dinnie, K.},
  year={2015},
  publisher={Routledge}
}

@article{dwyer2018comparing,
  title={Comparing digital media industries in South Korea and Australia: The case of Netflix take-up},
  author={Dwyer, T. and Shim, Y. and Lee, H. and Hutchinson, J.},
  journal={International Journal of Communication},
  volume={12},
  pages={20},
  year={2018},
}

@article{fejes1981media,
  title={Media imperialism: An assessment},
  author={Fejes, F.},
  journal={Media, Culture \& Society},
  volume={3},
  pages={281--289},
  year={1981},
}

@article{hausmann2010country,
  title={Country diversification, product ubiquity, and economic divergence},
  author={Hausmann, R. and Hidalgo, C.},
  journal={},
  pages={},
  year={2010},
}

@article{hidalgo2007product,
  title={The product space conditions the development of nations},
  author={Hidalgo, C.A. and Klinger, B. and Barab{\'a}si, A.-L. and Hausmann, R.},
  journal={Science},
  volume={317},
  pages={482--487},
  year={2007},
}

@article{jang2023global,
  title={How do global audiences of TV shows take shape?: Evidence from Netflix},
  author={Jang, M. and Kim, D. and Baek, H.},
  journal={Applied Economics Letters},
  volume={30},
  pages={285-291},
year={2023}
}

@article{jun2020bilateral,
title={Bilateral relatedness: knowledge diffusion and the evolution of bilateral trade},
author={Jun, B. and Alshamsi, A. and Gao, J. and Hidalgo, C. A.},
journal={Journal of Evolutionary Economics},
volume={30},
pages={247-277},
year={2020}
}

@article{kim2022theorizing,
title={Theorizing the Korean Wave| K-Culture Without “K-”? The Paradoxical Nature of Producing Korean Television Toward a Sustainable Korean Wave},
author={Kim, T.},
journal={International Journal of Communication},
volume={17},
pages={22},
year={2022}
}

@article{park2019research,
title={Research on the Relationship between the Growth of OTT Service Market and the Change in the Structure of the Pay-TV Market},
author={Park, S. and Kwon, Y.},
journal={Journal of Digital Convergence},
volume={17},
pages={15-28},
year={2019}
}

@article{scott2004cultural,
title={Cultural-products industries and urban economic development: Prospects for growth and market contestation in global context},
author={Scott, A. J.},
journal={Urban affairs review},
volume={39},
pages={461-490},
year={2004}
}

@article{sharma2023ott,
title={OTT platforms resilience to COVID-19--a study of business strategies and consumer media consumption in India},
author={Sharma, K. and Lulandala, E. E.},
journal={International Journal of Organizational Analysis},
volume={31},
pages={63-90},
year={2023}
}

@book{throsby2001economics,
title={Economics and culture},
author={Throsby, D.},
year={2001},
publisher={Cambridge University Press}
}

@article{wang2023influential,
title={Influential Factors in Domestic OTT Platforms’ Choice of Foreign Content in South Korea},
author={Wang, S.-H. and Jung, Y.},
journal={International Journal on Media Management},
pages={1-27},
year={2023}
}

@misc{cnn2022attorneywoo,
title={‘Extraordinary Attorney Woo’ boosts Netflix stock},
author={CNN},
year={2022},
month={July},
day={20},
howpublished={\url{https://edition.cnn.com/2022/07/20/media/extraordinary-attorney-woo-netflix-stock-intl-hnk/index.html}},
}

@misc{hollywoodreporter2022strangerthings,
title={‘Stranger Things 4’ Sets All-Time Nielsen Streaming Record},
author={The Hollywood Reporter},
year={2022},
month={July},
day={1},
howpublished={\url{https://www.hollywoodreporter.com/tv/tv-news/stranger-things-4-all-time-nielsen-streaming-high-1235174960/}},
}
